@book{bishop2006-PRML,
  title={Pattern recognition and machine learning},
  author={Bishop, Christopher M},
  year={2006},
  publisher={springer},
  url={93.174.95.29/main/0/6b552b24cae380bb656f7aaef7f81b46/%28Information%20science%20and%20statistics%29%20Christopher%20M.%20Bishop%20-%20Pattern%20Recognition%20and%20Machine%20Learning-Springer%20%282006%29.pdf}
}

@book{davidson2018-bayesianForHackers,
  title={Bayesian methods for hackers: probabilistic programming and Bayesian inference},
  author={Davidson-Pilon, Cameron},
  year={2018},
  publisher={Addison-Wesley Professional},
  url={93.174.95.29/main/2203000/37bf3017c01908d88615f21a0de3fa67/Cameron%20Davidson-Pilon%20-%20Bayesian%20Methods%20for%20Hackers.%20Probabilistic%20Programming%20and%20Bayesian%20Inference-Addison%20Wesley%20%282016%29.pdf}
}

@book{deisenroth2019Draft-mathematicsForMachineLearning,
  title={Mathematics for Machine Learning}
  author={Deisenroth, Marc and et.al.}
  year={2019}
  publisher={Cambridge University Press}
  url={https://mml-book.github.io/book/mml-book.pdf}
}

@book{diggle2007-modelBasedGeostatistics,
   title =     {Model-based Geostatistics (Springer Series in Statistics)},
   author =    {Peter J. Diggle, Paulo Justiniano Ribeiro,},
   publisher = {},
   isbn =      {0387329072,9780387329079,9780387485362},
   year =      {2007},
   series =    {},
   edition =   {1},
   volume =    {},
   url =  {93.174.95.29/main/525000/987f835b9b733a4023ed1ab2ef3fddd6/Peter%20J.%20Diggle%2C%20Paulo%20Justiniano%20Ribeiro%2C%20-%20Model-based%20Geostatistics%20%28Springer%20Series%20in%20Statistics%29%20%282007%29.pdf}
}

@misc{dyatlov2010-basicMatrixOperations,
  title={Properties of matrix operations}
  author={Dyatlov, Semyon}
  year={2010}
  publisher={Massachusetts Institute of Technology},
  url={http://math.mit.edu/~dyatlov/54summer10/matalg.pdf}
}

@article{gething2011-newMalariaMap,
  title={A new world malaria map: Plasmodium falciparum endemicity in 2010},
  author={Gething, Peter W and Patil, Anand P and Smith, David L and Guerra, Carlos A and Elyazar, Iqbal RF and Johnston, Geoffrey L and Tatem, Andrew J and Hay, Simon I},
  journal={Malaria journal},
  volume={10},
  number={1},
  pages={378},
  year={2011},
  publisher={BioMed Central},
 url={https://malariajournal.biomedcentral.com/track/pdf/10.1186/1475-2875-10-378}
}


@misc{jaynes1984-bayesianBackground,
  title={Bayesian methods: General background},
  author={Jaynes, Edwin T},
  year={1984},
  publisher={Fourth Annual Workshop on Bayesian/Maximum Entropy Methods},
  url={http://citeseerx.ist.psu.edu/viewdoc/download;jsessionid=E3CAC8BC04D114B9FA346D29DF78A692?doi=10.1.1.41.1055&rep=rep1&type=pdf}
}

@article{kschischang2001-factorGraphsAndTheSumProductAlgorithm,
  title={Factor graphs and the sum-product algorithm},
  author={Kschischang, Frank R and Frey, Brendan J and Loeliger, H-A},
  journal={IEEE Transactions on information theory},
  volume={47},
  number={2},
  pages={498--519},
  year={2001},
  publisher={IEEE},
  url={http://www.cs.utoronto.ca/~radford/csc2506/factor.pdf}
}

@book{lawson2018-bayesianDiseaseMapping,
   title =     {Bayesian Disease Mapping: Hierarchical Modeling in Spatial Epidemiology, Third Edition},
   author =    {Lawson, Andrew B},
   publisher = {CRC Press},
   isbn =      {9781351271752,135127175X,9781351271745,1351271741,9781351271769,1351271768},
   year =      {2018},
   series =    {Interdisciplinary statistics},
   edition =   {Third edition},
   url = {93.174.95.29/main/2256000/5ed211aa99affe5e2d83f0f7b20011af/%28Interdisciplinary%20statistics%29%20Lawson%2C%20Andrew%20B%20-%20Bayesian%20Disease%20Mapping_%20Hierarchical%20Modeling%20in%20Spatial%20Epidemiology%2C%20Third%20Edition-CRC%20Press%20%282018%29.pdf}
}

@article{lee2014-graphicalModeling,
  title={Bayesian Cognitive Modeling: A Practical Course},
  author={Lee, Michael D and Wagenmakers, Eric-Jan},
  journal={CUP},
  year={2014},
  url={93.174.95.29/main/1171000/1263135742da260290c3ce04c1f88546/Lee%20M.D.%2C%20Wagenmakers%20E.-J.%20-%20Bayesian%20Cognitive%20Modeling_%20A%20Practical%20Course-CUP%20%282014%29.pdf}
}



@book{mackay2003-informationInferenceLearning,
  title={Information theory, inference and learning algorithms},
  author={MacKay, David JC and Mac Kay, David JC},
  year={2003},
  publisher={Cambridge university press},
  url={93.174.95.29/main/598000/e70cc484c7ff51073859b15779162c25/MacKay%20D.J.C.%20-%20Information%20theory%2C%20inference%20and%20learning%20algorithms-CUP%20%282005%29.pdf}
}

@book{martin2016-bayesianAnalysisWithPython,
  title={Bayesian Analysis with Python},
  author={Martin, Osvaldo},
  year={2016},
  publisher={Packt Publishing Ltd},
  url={93.174.95.29/main/2304000/343d1a4de864d37460ee242dc5b13aff/Osvaldo%20Martin%20-%20Bayesian%20Analysis%20with%20Python-Packt%20Publishing%20%282016%29.pdf}
}

@book{mcelreath2015-statisticalRethinking,
  title={Statistical rethinking: A Bayesian course with examples in R and Stan},
  author={McElreath, Richard},
  year={2018},
  publisher={Chapman and Hall/CRC},
  url={93.174.95.29/main/1453000/9bac68d1409cff87869308d509d855a2/%28Chapman%20%26%20Hall_CRC%20Texts%20in%20Statistical%20Science%29%20Richard%20McElreath%20-%20Statistical%20Rethinking_%20A%20Bayesian%20Course%20with%20Examples%20in%20R%20and%20Stan-Chapman%20and%20Hall_CRC%20%282015%29.pdf}
}

@techreport{tu2014-dirichletMultinomialCategorical,
  title={The dirichlet-multinomial and dirichlet-categorical models for bayesian inference},
  author={Tu, Stephen},
  journal={Computer Science Division, UC Berkeley},
  year={2014},
  url={https://people.eecs.berkeley.edu/~stephentu/writeups/dirichlet-conjugate-prior.pdf}
}

@techreport{wu2004-propertiesGaussian,
  title={Some properties of the Gaussian distribution},
  author={Wu, Jianxin},
  journal={Atlanta, GA: Georgia Institute of Technology},
  year={2004},
  url={https://pdfs.semanticscholar.org/a165/26b14519796e00815f285c549080c59ad9ae.pdf}
}




